% %%%%%%%%%%%%%%%%%%%%%%%%%%%%%%%%%%%%%%%%%%%%%%%%%%%%%%
% Diese Datei enthaelt alle Referenzen.
% Die Formatierung erfolgt entsprechend bibtex
% %%%%%%%%%%%%%%%%%%%%%%%%%%%%%%%%%%%%%%%%%%%%%%%%%%%%%%

@ARTICLE{Jaeger09,
  author  = {Florian JÃ¤ger and Joachim Hornegger},
  title   = {Nonrigid registration of joint histograms for intensity standardization
	         in magnetic resonance imaging},
  journal = {IEEE Transactions on Medical Imaging},
  year    = {2009},
  volume  = {28},
  number  = {3},
  pages   = {137--150}
}

@ARTICLE{hrv96,
  author  = {{Task Force of The European Society of Cardiology} and {The North
              American Society of Pacing and Electrophysiology}},
  title   = {Heart rate variability -- standards of measurement, physiological
             interpretation, and clinical use},
  journal = {European Heart Journal},
  year    = {1996},
  volume  = {17},
  number  = {1},
  pages   = {354--381}
}

